<record><leader>00000cas a2200000 a 4500</leader><controlfield tag="001">1553846</controlfield><controlfield tag="008">750817d1uuu1941nyumr ne      0    0eng d</controlfield><datafield ind1=" " ind2=" " tag="010"><subfield code="a">sn 93062871 </subfield></datafield><datafield ind1=" " ind2=" " tag="040"><subfield code="a">MUL</subfield><subfield code="b">eng</subfield><subfield code="c">MUL</subfield><subfield code="d">OCL</subfield><subfield code="d">YOX</subfield><subfield code="d">OCLCQ</subfield><subfield code="d">OCLCF</subfield><subfield code="d">OCLCO</subfield><subfield code="d">OCL</subfield><subfield code="d">CUV</subfield><subfield code="d">Y5J</subfield></datafield><datafield ind1=" " ind2=" " tag="019"><subfield code="a">826182737</subfield></datafield><datafield ind1="1" ind2=" " tag="029"><subfield code="a">AU@</subfield><subfield code="b">000025874330</subfield></datafield><datafield ind1=" " ind2=" " tag="042"><subfield code="a">msc</subfield></datafield><datafield ind1=" " ind2=" " tag="043"><subfield code="a">n-us---</subfield></datafield><datafield ind1=" " ind2=" " tag="096"><subfield code="a">500000576</subfield></datafield><datafield ind1="0" ind2="4" tag="245"><subfield code="a">The Challenge of youth.</subfield></datafield><datafield ind1=" " ind2=" " tag="260"><subfield code="a">New York [N.Y.] :</subfield><subfield code="b">National Council Young People's Socialist League of America</subfield></datafield><datafield ind1=" " ind2=" " tag="300"><subfield code="a">volumes :</subfield><subfield code="b">illustrations ;</subfield><subfield code="c">45-48 cm</subfield></datafield><datafield ind1=" " ind2=" " tag="310"><subfield code="a">Monthly,</subfield><subfield code="b">Apr. 1940-</subfield></datafield><datafield ind1=" " ind2=" " tag="321"><subfield code="a">Monthly,</subfield><subfield code="b">-June 1939</subfield></datafield><datafield ind1=" " ind2=" " tag="321"><subfield code="a">Semimonthly,</subfield><subfield code="b">July 1939-Mar. 5, 1940</subfield></datafield><datafield ind1=" " ind2=" " tag="336"><subfield code="a">text</subfield><subfield code="2">rdacontent</subfield></datafield><datafield ind1=" " ind2=" " tag="337"><subfield code="a">unmediated</subfield><subfield code="2">rdamedia</subfield></datafield><datafield ind1=" " ind2=" " tag="338"><subfield code="a">volume</subfield><subfield code="2">rdacarrier</subfield></datafield><datafield ind1="1" ind2=" " tag="362"><subfield code="a">Ceased with New ser. [2], v. 2, no. 9 (Sept. 15, 1941)?</subfield></datafield><datafield ind1=" " ind2=" " tag="515"><subfield code="a">Issues for Oct. 1937-&lt;Nov. 1937&gt; called new ser., v. 1, no. 1-&lt;v.1, no. 2-&gt;; new ser. designation dropped off for &lt;v. 2, no. 2 (Mar. 1938)&gt;-v. 4, no. 6 (June 1940); v. 4, no. 6 (June 1940) also called new ser. [2], v. 1, no. 1. Issues for July 1940-Sept. 15, 1941 called new ser. [2], v. 1, no. 2-new ser. [2], v. 2, no. 9.</subfield></datafield><datafield ind1=" " ind2=" " tag="515"><subfield code="a">Vol.  4, no. 1-3 omitted in numbering, i.e. issue for Feb. 15, 1940 called v. 3, no. 21, next issue called v. 4, no. 4 for Mar. 5, 1940.</subfield></datafield><datafield ind1=" " ind2=" " tag="515"><subfield code="a">Issues for &lt;Jan. 1939&gt;-Sept. 15, 1941 also called whole number &lt;10&gt;-47.</subfield></datafield><datafield ind1=" " ind2=" " tag="550"><subfield code="a">Organ of the Young People's Socialist League (Fourth International).</subfield></datafield><datafield ind1=" " ind2=" " tag="588"><subfield code="a">Description based on: New ser., v. 1, no. 1 (Oct. 1937); title from caption.</subfield></datafield><datafield ind1=" " ind2=" " tag="588"><subfield code="a">Latest issue consulted: New ser. [2], v. 2, no. 9 (Sept. 15, 1941).</subfield></datafield><datafield ind1="2" ind2="0" tag="610"><subfield code="a">Young People's Socialist League</subfield><subfield code="v">Periodicals.</subfield></datafield><datafield ind1="2" ind2="7" tag="610"><subfield code="a">Young People's Socialist League.</subfield><subfield code="2">fast</subfield><subfield code="0">(OCoLC)fst00641514</subfield></datafield><datafield ind1="2" ind2="7" tag="611"><subfield code="a">World War (1939-1945)</subfield><subfield code="2">fast</subfield><subfield code="0">(OCoLC)fst01180924</subfield></datafield><datafield ind1=" " ind2="0" tag="650"><subfield code="a">Socialism and youth</subfield><subfield code="z">United States</subfield><subfield code="v">Newspapers.</subfield></datafield><datafield ind1=" " ind2="0" tag="650"><subfield code="a">World War, 1939-1945</subfield><subfield code="v">Newspapers.</subfield></datafield><datafield ind1=" " ind2="7" tag="650"><subfield code="a">Socialism and youth.</subfield><subfield code="2">fast</subfield><subfield code="0">(OCoLC)fst01123706</subfield></datafield><datafield ind1=" " ind2="7" tag="651"><subfield code="a">United States.</subfield><subfield code="2">fast</subfield><subfield code="0">(OCoLC)fst01204155</subfield></datafield><datafield ind1=" " ind2="7" tag="648"><subfield code="a">1939-1945</subfield><subfield code="2">fast</subfield></datafield><datafield ind1=" " ind2="7" tag="655"><subfield code="a">Newspapers.</subfield><subfield code="2">fast</subfield><subfield code="0">(OCoLC)fst01423814</subfield></datafield><datafield ind1=" " ind2="7" tag="655"><subfield code="a">Periodicals.</subfield><subfield code="2">fast</subfield><subfield code="0">(OCoLC)fst01411641</subfield></datafield><datafield ind1="2" ind2=" " tag="710"><subfield code="a">Young People's Socialist League.</subfield></datafield><datafield ind1=" " ind2=" " tag="752"><subfield code="a">United States</subfield><subfield code="b">New York</subfield><subfield code="c">New York</subfield><subfield code="d">New York.</subfield></datafield></record>